<?xml version="1.0" encoding="UTF-8"?><record xmlns="http://www.loc.gov/MARC21/slim" xmlns:cinclude="http://apache.org/cocoon/include/1.0" xmlns:zs="http://www.loc.gov/zing/srw/">
  <leader>00409cz  a2200133n  4500</leader>
  <controlfield tag="001">n  94058309 </controlfield>
  <controlfield tag="003">DLC</controlfield>
  <controlfield tag="005">19970204125317.5</controlfield>
  <controlfield tag="008">940617n| acannaab|          |n aaa |||  </controlfield>
  <datafield tag="010" ind1=" " ind2=" ">
    <subfield code="a">n  94058309 </subfield>
  </datafield>
  <datafield tag="040" ind1=" " ind2=" ">
    <subfield code="a">DLC</subfield>
    <subfield code="c">DLC</subfield>
    <subfield code="d">DLC</subfield>
  </datafield>
  <datafield tag="100" ind1="1" ind2="0">
    <subfield code="a">DeVries, Mark</subfield>
  </datafield>
  <datafield tag="670" ind1=" " ind2=" ">
    <subfield code="a">Family-based youth ministry, c1994:</subfield>
    <subfield code="b">CIP t.p. (Mark DeVries)</subfield>
  </datafield>
  <datafield tag="670" ind1=" " ind2=" ">
    <subfield code="a">True love waits, 1997:</subfield>
    <subfield code="b">CIP t.p. (Mark DeVries) data sheet (b. July 16, 1958)</subfield>
  </datafield>
</record>